@book{Elenkov2014,
	AUTHOR = {Elenkov, Nikolay},
	YEAR = {2014},
	TITLE = {Android Security Internals - An In-Depth Guide to Android's Security Architecture},
	EDITION = {1. Aufl.},
	ISBN = {978-1-593-27581-5},
	PUBLISHER = {No Starch Press},
	ADDRESS = {München},
}

@online{MobileOsStat,
	title = {Smartphone OS sales market share Kantar Worldpanel ComTech},
	url = {http://www.kantarworldpanel.com/smartphone-os-market-share/},
	abstract = {This information is based on the research extracted from the Kantar Worldpanel {ComTech} global consumer panel and refers in all cases to 3 months periods ending the stated month.
{ComTech} is the largest continuous research consumer mobile phone tracking panel of its kind in the world, conducting over one million interviews per year in Europe alone.
{ComTech} tracks mobile phone behaviour, including purchasing of phones, mobile phone bills/airtime, source of purchase and phone usage and delivers beyond market share tracking to understand drivers of share changes, market dynamics through consumer insight - the data included in this release is excluding enterprise sales.},
	urldate = {2015-05-29},
	file = {general/bibtex/offline_websites/kantarworldpanel.com/Smartphone OS sales market share Kantar Worldpanel ComTech.htm},
}

@online{SELinuxAndroid,
	title = {Security-Enhanced Linux in Android {\textbar} Android Developers},
	url = {http://source.android.com/devices/tech/security/selinux/},
	urldate = {2015-05-30},
}

@book{Zdziarski2012,
	AUTHOR = {Zdziarski, Jonathan},
	YEAR = {2012},
	TITLE = {Hacking and Securing iOS Applications - Stealing Data, Hijacking Software, and How to Prevent It},
	EDITION = {First release},
	ISBN = {978-1-449-32523-7},
	PUBLISHER = {"O'Reilly Media, Inc."},
	ADDRESS = {Sebastopol},
}

@article{iOSSecurityApr2015,
  author = 	 {Apple},
  title = 	 {iOS Security},
  journal =	 {Apple Press},
  year = 	 {2015},
}

@article{iOS4SecurityEvalutaion,
	author = {Dino A. Dai Zovi},
	title = {Apple iOS 4 Security Evaluation},
	journal = {Trail of Bits, Inc.},
	year = {2011},
}

@book{Banks2015,
	AUTHOR = {Banks, Allister AND Edge, Charles S.},
	YEAR = {2015},
	TITLE = {Learning iOS Security - },
	EDITION = {First release},
	ISBN = {978-1-783-55395-2},
	PUBLISHER = {Packt Publishing Ltd},
	ADDRESS = {Birmingham},
}

@online{TEE_ARM,
	title = {Development of TEE and Secure Monitor Code - ARM},
	url = {http://www.arm.com/products/processors/technologies/trustzone/tee-smc.php},
	urldate = {2015-05-31},
}

@online{VerifiedBoot,
	title = {Verified Boot {\textbar} Android Developers},
	url = {https://source.android.com/devices/tech/security/verifiedboot/index.html},
	urldate = {2015-05-31},
	file = {Verified Boot | Android Developers:/home/falx/.mozilla/firefox/235dq9jg.default/zotero/storage/X3QJTX25/index.html:text/html}
}

@online{VerifyingBoot,
	title = {Verifying Boot {\textbar} Android Open Source Project},
	url = {https://source.android.com/devices/tech/security/verifiedboot/verified-boot.html},
	urldate = {2015-05-31},
	file = {Verifying Boot | Android Open Source Project:/home/falx/.mozilla/firefox/235dq9jg.default/zotero/storage/PISCS74D/verified-boot.html:text/html}
}

@book{Stäuble2011,
	AUTHOR = {Stäuble, Markus},
	YEAR = {2011},
	TITLE = {Programmieren für iPhone und iPad - Einstieg in die App-Entwicklung für das iOS 4},
	EDITION = {3. Aktual.},
	ISBN = {978-3-898-64689-5},
	PUBLISHER = {Dpunkt-Verlag},
	ADDRESS = {Köln},
}

@book{Tanenbaum2009,
	AUTHOR = {Tanenbaum, Andrew S.},
	YEAR = {2009},
	TITLE = {Moderne Betriebssysteme - },
	EDITION = {3. aktualisierte Auflage},
	ISBN = {978-3-827-37342-7},
	PUBLISHER = {Pearson Deutschland GmbH},
	ADDRESS = {München},
	PAGES = "12-13",
}


@online{HiddenActivity,
	title = {App Ops: Android 4.3's Hidden App Permission Manager, Control Permissions For Individual Apps! [Update]},
	url = {http://www.androidpolice.com/2013/07/25/app-ops-android-4-3s-hidden-app-permission-manager-control-permissions-for-individual-apps/},
	shorttitle = {App Ops},
	abstract = {Android 4.3 has a hidden feature! It's called "App Ops" and it lets you selectively disable some permissions for your apps. Is some misbehaving app constan... by Ron Amadeo in News},
	titleaddon = {Android Police},
	urldate = {2015-06-02},
}


@online{AndroidMPermission,
	title = {Android M: App-Berechtigungen überarbeitet, neue Stromspar-Features},
	url = {http://www.heise.de/newsticker/meldung/Android-M-App-Berechtigungen-ueberarbeitet-neue-Stromspar-Features-2670439.html},
	shorttitle = {Android M},
	abstract = {Die neue Android-Version mit dem Code-Namen M kommt im zweiten Halbjahr 2015: Nutzer können Schnüffel-Apps nun besser einschränken, Google hat außerdem Bezahlsystem und Stromspar-Features überarbeitet.},
	titleaddon = {heise online},
	author = {online, heise},
	urldate = {2015-06-03},
	file = {Snapshot:/home/falx/.mozilla/firefox/235dq9jg.default/zotero/storage/B8SCAHN3/Android-M-App-Berechtigungen-ueberarbeitet-neue-Stromspar-Features-2670439.html:text/html}
}

@online{IOSSandboxing,
	title = {About App Sandbox},
	url = {https://developer.apple.com/library/mac/documentation/Security/Conceptual/AppSandboxDesignGuide/AboutAppSandbox/AboutAppSandbox.html},
	author = {Apple Inc.},
	utldate = {2015-06-09},
	file = {general/bibtex/offline_websites/developer.apple.com/sandbox/About App Sandbox.htm}
}

@book{Levin2012,
	AUTHOR = {Levin, Jonathan},
	YEAR = {2012},
	TITLE = {Mac OS X and iOS Internals - To the Apple's Core},
	ISBN = {978-1-118-23605-5},
	PUBLISHER = {John Wiley \& Sons},
	ADDRESS = {New York},
}

@article{NISTPBKDF2010,
	author = {National Institute of Standards and Technology},
  	title = {Recommendation for Password-Based Key 
Derivation },
  	journal = {NIST Special Publication 800-132},
  	year = {2010},
}