@BOOK{Elenkov2014,
	AUTHOR = {Elenkov, Nikolay},
	YEAR = {2014},
	TITLE = {Android Security Internals - An In-Depth Guide to Android's Security Architecture},
	EDITION = {1. Aufl.},
	ISBN = {978-1-593-27581-5},
	PUBLISHER = {No Starch Press},
	ADDRESS = {MÃ¼nchen},
}

@online{MobileOsStat,
	title = {Smartphone OS sales market share Kantar Worldpanel ComTech},
	url = {http://www.kantarworldpanel.com/smartphone-os-market-share/},
	abstract = {This information is based on the research extracted from the Kantar Worldpanel {ComTech} global consumer panel and refers in all cases to 3 months periods ending the stated month.
{ComTech} is the largest continuous research consumer mobile phone tracking panel of its kind in the world, conducting over one million interviews per year in Europe alone.
{ComTech} tracks mobile phone behaviour, including purchasing of phones, mobile phone bills/airtime, source of purchase and phone usage and delivers beyond market share tracking to understand drivers of share changes, market dynamics through consumer insight - the data included in this release is excluding enterprise sales.},
	urldate = {2015-05-29},
}