
@online{VerifyingBoot,
	title = {Verifying Boot {\textbar} Android Open Source Project},
	url = {https://source.android.com/devices/tech/security/verifiedboot/verified-boot.html},
	urldate = {2015-05-31},
	file = {Verifying Boot | Android Open Source Project:/home/falx/.mozilla/firefox/235dq9jg.default/zotero/storage/PISCS74D/verified-boot.html:text/html}
}